%YAML 1.1
%TAG !u! tag:unity3d.com,2011:
--- !u!1 &1652007091083833099
GameObject:
  m_ObjectHideFlags: 0
  m_CorrespondingSourceObject: {fileID: 0}
  m_PrefabInstance: {fileID: 0}
  m_PrefabAsset: {fileID: 0}
  serializedVersion: 6
  m_Component:
  - component: {fileID: 1652007091083833102}
  - component: {fileID: 1652007091083833101}
  - component: {fileID: 1652007091083833100}
  m_Layer: 9
  m_Name: Player
  m_TagString: Player
  m_Icon: {fileID: 0}
  m_NavMeshLayer: 0
  m_StaticEditorFlags: 0
  m_IsActive: 1
--- !u!4 &1652007091083833102
Transform:
  m_ObjectHideFlags: 0
  m_CorrespondingSourceObject: {fileID: 0}
  m_PrefabInstance: {fileID: 0}
  m_PrefabAsset: {fileID: 0}
  m_GameObject: {fileID: 1652007091083833099}
  m_LocalRotation: {x: 0, y: 0, z: 0, w: 1}
  m_LocalPosition: {x: -7.750457, y: -8.499138, z: 2}
  m_LocalScale: {x: 1, y: 1, z: 1}
  m_Children:
  - {fileID: 3503101726981563694}
  - {fileID: 3503101727476609096}
  m_Father: {fileID: 9182222226613242855}
  m_RootOrder: 1
  m_LocalEulerAnglesHint: {x: 0, y: 0, z: 0}
--- !u!143 &1652007091083833101
CharacterController:
  m_ObjectHideFlags: 0
  m_CorrespondingSourceObject: {fileID: 0}
  m_PrefabInstance: {fileID: 0}
  m_PrefabAsset: {fileID: 0}
  m_GameObject: {fileID: 1652007091083833099}
  m_Material: {fileID: 0}
  m_IsTrigger: 0
  m_Enabled: 1
  serializedVersion: 2
  m_Height: 2
  m_Radius: 0.5
  m_SlopeLimit: 45
  m_StepOffset: 0.3
  m_SkinWidth: 0.02
  m_MinMoveDistance: 0.001
  m_Center: {x: 0, y: 1, z: 0}
--- !u!114 &1652007091083833100
MonoBehaviour:
  m_ObjectHideFlags: 0
  m_CorrespondingSourceObject: {fileID: 0}
  m_PrefabInstance: {fileID: 0}
  m_PrefabAsset: {fileID: 0}
  m_GameObject: {fileID: 1652007091083833099}
  m_Enabled: 1
  m_EditorHideFlags: 0
  m_Script: {fileID: 11500000, guid: 6c96e95fc198c4f469f509fccf1bc052, type: 3}
  m_Name: 
  m_EditorClassIdentifier: 
  m_Controller: {fileID: 0}
  m_PlayerMesh: {fileID: 3503101727476609097}
  m_RespawnPoint: {fileID: 0}
  m_KillObjectTag: Kill Object
  m_WorldKillObjectTag: OutOfBorders
  m_Animator: {fileID: 3503101727197017747}
  m_Acceleration: 10
  m_MaxMoveSpeed: 8.5
  m_MaxMoveSpeedWithSword: 4.5
  m_RespawnTime: 0.25
  m_GravityModifier: 1
  m_MaxFallSpeed: 30
  m_BaseJumpHeight: 3
  m_TimeToJumpPeak: 0.25
  m_MaxJumpHoldTime: 0.175
  m_JumpForgivenessTime: 0.25
  m_ExternalForce: {x: 0, y: 0, z: 0}
  m_HorizontalMoveAxis: 0
  m_ForgivenessTimer: 0
  m_JumpHoldTime: 0
  m_IsAlive: 1
  m_IsGrounded: 0
  m_IsJumping: 0
  m_IsFalling: 0
  m_DrawGizmosOnSelect: 1
--- !u!1 &3503101725511072971
GameObject:
  m_ObjectHideFlags: 0
  m_CorrespondingSourceObject: {fileID: 0}
  m_PrefabInstance: {fileID: 0}
  m_PrefabAsset: {fileID: 0}
  serializedVersion: 6
  m_Component:
  - component: {fileID: 3503101725511072968}
  m_Layer: 9
  m_Name: HandPos
  m_TagString: Untagged
  m_Icon: {fileID: 0}
  m_NavMeshLayer: 0
  m_StaticEditorFlags: 0
  m_IsActive: 1
--- !u!4 &3503101725511072968
Transform:
  m_ObjectHideFlags: 0
  m_CorrespondingSourceObject: {fileID: 0}
  m_PrefabInstance: {fileID: 0}
  m_PrefabAsset: {fileID: 0}
  m_GameObject: {fileID: 3503101725511072971}
  m_LocalRotation: {x: -0.70038664, y: -0.033664312, z: -0.02559201, w: 0.7125099}
  m_LocalPosition: {x: 0.163, y: 0.019, z: -0.79}
  m_LocalScale: {x: 1, y: 1, z: 1}
  m_Children: []
  m_Father: {fileID: 2991614584177703681}
  m_RootOrder: 1
  m_LocalEulerAnglesHint: {x: -88.82001, y: -36.059002, z: 31.256002}
--- !u!1 &3503101726981563681
GameObject:
  m_ObjectHideFlags: 0
  m_CorrespondingSourceObject: {fileID: 0}
  m_PrefabInstance: {fileID: 0}
  m_PrefabAsset: {fileID: 0}
  serializedVersion: 6
  m_Component:
  - component: {fileID: 3503101726981563694}
  - component: {fileID: 3503101726981563695}
  m_Layer: 9
  m_Name: Line
  m_TagString: Untagged
  m_Icon: {fileID: 0}
  m_NavMeshLayer: 0
  m_StaticEditorFlags: 0
  m_IsActive: 1
--- !u!4 &3503101726981563694
Transform:
  m_ObjectHideFlags: 0
  m_CorrespondingSourceObject: {fileID: 0}
  m_PrefabInstance: {fileID: 0}
  m_PrefabAsset: {fileID: 0}
  m_GameObject: {fileID: 3503101726981563681}
  m_LocalRotation: {x: -0, y: -0, z: -0, w: 1}
  m_LocalPosition: {x: 0, y: 1, z: 0}
  m_LocalScale: {x: 1, y: 1, z: 1}
  m_Children: []
  m_Father: {fileID: 1652007091083833102}
  m_RootOrder: 0
  m_LocalEulerAnglesHint: {x: 0, y: 0, z: 0}
--- !u!120 &3503101726981563695
LineRenderer:
  m_ObjectHideFlags: 0
  m_CorrespondingSourceObject: {fileID: 0}
  m_PrefabInstance: {fileID: 0}
  m_PrefabAsset: {fileID: 0}
  m_GameObject: {fileID: 3503101726981563681}
  m_Enabled: 1
  m_CastShadows: 1
  m_ReceiveShadows: 1
  m_DynamicOccludee: 1
  m_MotionVectors: 0
  m_LightProbeUsage: 0
  m_ReflectionProbeUsage: 0
  m_RayTracingMode: 0
  m_RenderingLayerMask: 1
  m_RendererPriority: 0
  m_Materials:
  - {fileID: 10306, guid: 0000000000000000f000000000000000, type: 0}
  m_StaticBatchInfo:
    firstSubMesh: 0
    subMeshCount: 0
  m_StaticBatchRoot: {fileID: 0}
  m_ProbeAnchor: {fileID: 0}
  m_LightProbeVolumeOverride: {fileID: 0}
  m_ScaleInLightmap: 1
  m_ReceiveGI: 1
  m_PreserveUVs: 0
  m_IgnoreNormalsForChartDetection: 0
  m_ImportantGI: 0
  m_StitchLightmapSeams: 1
  m_SelectedEditorRenderState: 3
  m_MinimumChartSize: 4
  m_AutoUVMaxDistance: 0.5
  m_AutoUVMaxAngle: 89
  m_LightmapParameters: {fileID: 0}
  m_SortingLayerID: 0
  m_SortingLayer: 0
  m_SortingOrder: 0
  m_Positions: []
  m_Parameters:
    serializedVersion: 3
    widthMultiplier: 0.1
    widthCurve:
      serializedVersion: 2
      m_Curve:
      - serializedVersion: 3
        time: 0
        value: 1
        inSlope: 0
        outSlope: 0
        tangentMode: 0
        weightedMode: 0
        inWeight: 0.33333334
        outWeight: 0.33333334
      m_PreInfinity: 2
      m_PostInfinity: 2
      m_RotationOrder: 4
    colorGradient:
      serializedVersion: 2
      key0: {r: 1, g: 0, b: 0, a: 1}
      key1: {r: 1, g: 0, b: 0, a: 1}
      key2: {r: 0, g: 0, b: 0, a: 0}
      key3: {r: 0, g: 0, b: 0, a: 0}
      key4: {r: 0, g: 0, b: 0, a: 0}
      key5: {r: 0, g: 0, b: 0, a: 0}
      key6: {r: 0, g: 0, b: 0, a: 0}
      key7: {r: 0, g: 0, b: 0, a: 0}
      ctime0: 0
      ctime1: 65535
      ctime2: 0
      ctime3: 0
      ctime4: 0
      ctime5: 0
      ctime6: 0
      ctime7: 0
      atime0: 0
      atime1: 65535
      atime2: 0
      atime3: 0
      atime4: 0
      atime5: 0
      atime6: 0
      atime7: 0
      m_Mode: 0
      m_NumColorKeys: 2
      m_NumAlphaKeys: 2
    numCornerVertices: 0
    numCapVertices: 0
    alignment: 0
    textureMode: 0
    shadowBias: 0.5
    generateLightingData: 0
  m_UseWorldSpace: 0
  m_Loop: 0
--- !u!1 &3503101727476609097
GameObject:
  m_ObjectHideFlags: 0
  m_CorrespondingSourceObject: {fileID: 0}
  m_PrefabInstance: {fileID: 0}
  m_PrefabAsset: {fileID: 0}
  serializedVersion: 6
  m_Component:
  - component: {fileID: 3503101727476609096}
  m_Layer: 9
  m_Name: Mesh
  m_TagString: Untagged
  m_Icon: {fileID: 0}
  m_NavMeshLayer: 0
  m_StaticEditorFlags: 0
  m_IsActive: 1
--- !u!4 &3503101727476609096
Transform:
  m_ObjectHideFlags: 0
  m_CorrespondingSourceObject: {fileID: 0}
  m_PrefabInstance: {fileID: 0}
  m_PrefabAsset: {fileID: 0}
  m_GameObject: {fileID: 3503101727476609097}
  m_LocalRotation: {x: 0, y: -0.7071068, z: 0, w: 0.7071068}
  m_LocalPosition: {x: 0, y: 0, z: 0}
  m_LocalScale: {x: 1, y: 1, z: 1}
  m_Children:
  - {fileID: 7365770478496889775}
  m_Father: {fileID: 1652007091083833102}
  m_RootOrder: 1
  m_LocalEulerAnglesHint: {x: 0, y: -90, z: 0}
--- !u!95 &3503101727197017747
Animator:
  serializedVersion: 3
  m_ObjectHideFlags: 0
  m_CorrespondingSourceObject: {fileID: 0}
  m_PrefabInstance: {fileID: 0}
  m_PrefabAsset: {fileID: 0}
  m_GameObject: {fileID: 5792509698285193660}
  m_Enabled: 1
  m_Avatar: {fileID: 0}
  m_Controller: {fileID: 9100000, guid: ffa20a523794705428ea6f6ed25848e1, type: 2}
  m_CullingMode: 0
  m_UpdateMode: 0
  m_ApplyRootMotion: 0
  m_LinearVelocityBlending: 0
  m_WarningMessage: 
  m_HasTransformHierarchy: 1
  m_AllowConstantClipSamplingOptimization: 1
  m_KeepAnimatorControllerStateOnDisable: 0
--- !u!1 &9182222226613242854
GameObject:
  m_ObjectHideFlags: 0
  m_CorrespondingSourceObject: {fileID: 0}
  m_PrefabInstance: {fileID: 0}
  m_PrefabAsset: {fileID: 0}
  serializedVersion: 6
  m_Component:
  - component: {fileID: 9182222226613242855}
  m_Layer: 0
  m_Name: Player+Sword Animated
  m_TagString: Untagged
  m_Icon: {fileID: 0}
  m_NavMeshLayer: 0
  m_StaticEditorFlags: 0
  m_IsActive: 1
--- !u!4 &9182222226613242855
Transform:
  m_ObjectHideFlags: 0
  m_CorrespondingSourceObject: {fileID: 0}
  m_PrefabInstance: {fileID: 0}
  m_PrefabAsset: {fileID: 0}
  m_GameObject: {fileID: 9182222226613242854}
  m_LocalRotation: {x: 0, y: 0, z: 0, w: 1}
  m_LocalPosition: {x: 0, y: 0, z: 0}
  m_LocalScale: {x: 1, y: 1, z: 1}
  m_Children:
  - {fileID: 930403123119096576}
  - {fileID: 1652007091083833102}
  m_Father: {fileID: 0}
  m_RootOrder: 0
  m_LocalEulerAnglesHint: {x: 0, y: 0, z: 0}
--- !u!1001 &2540819600569012405
PrefabInstance:
  m_ObjectHideFlags: 0
  serializedVersion: 2
  m_Modification:
    m_TransformParent: {fileID: 3503101727476609096}
    m_Modifications:
    - target: {fileID: -8666802536426713358, guid: 11469311856a29c48aabc08d0790788f,
        type: 3}
      propertyPath: m_IsActive
      value: 0
      objectReference: {fileID: 0}
    - target: {fileID: -4216859302048453862, guid: 11469311856a29c48aabc08d0790788f,
        type: 3}
      propertyPath: m_LocalPosition.x
      value: 0
      objectReference: {fileID: 0}
    - target: {fileID: -4216859302048453862, guid: 11469311856a29c48aabc08d0790788f,
        type: 3}
      propertyPath: m_LocalPosition.y
      value: 0
      objectReference: {fileID: 0}
    - target: {fileID: -4216859302048453862, guid: 11469311856a29c48aabc08d0790788f,
        type: 3}
      propertyPath: m_LocalPosition.z
      value: 0
      objectReference: {fileID: 0}
    - target: {fileID: -4216859302048453862, guid: 11469311856a29c48aabc08d0790788f,
        type: 3}
      propertyPath: m_LocalRotation.x
      value: -0
      objectReference: {fileID: 0}
    - target: {fileID: -4216859302048453862, guid: 11469311856a29c48aabc08d0790788f,
        type: 3}
      propertyPath: m_LocalRotation.y
      value: -0
      objectReference: {fileID: 0}
    - target: {fileID: -4216859302048453862, guid: 11469311856a29c48aabc08d0790788f,
        type: 3}
      propertyPath: m_LocalRotation.z
      value: -0
      objectReference: {fileID: 0}
    - target: {fileID: -4216859302048453862, guid: 11469311856a29c48aabc08d0790788f,
        type: 3}
      propertyPath: m_LocalRotation.w
      value: 1
      objectReference: {fileID: 0}
    - target: {fileID: -4216859302048453862, guid: 11469311856a29c48aabc08d0790788f,
        type: 3}
      propertyPath: m_RootOrder
      value: 0
      objectReference: {fileID: 0}
    - target: {fileID: -4216859302048453862, guid: 11469311856a29c48aabc08d0790788f,
        type: 3}
      propertyPath: m_LocalEulerAnglesHint.x
      value: 0
      objectReference: {fileID: 0}
    - target: {fileID: -4216859302048453862, guid: 11469311856a29c48aabc08d0790788f,
        type: 3}
      propertyPath: m_LocalEulerAnglesHint.y
      value: 0
      objectReference: {fileID: 0}
    - target: {fileID: -4216859302048453862, guid: 11469311856a29c48aabc08d0790788f,
        type: 3}
      propertyPath: m_LocalEulerAnglesHint.z
      value: 0
      objectReference: {fileID: 0}
    - target: {fileID: -927199367670048503, guid: 11469311856a29c48aabc08d0790788f,
        type: 3}
      propertyPath: m_Name
      value: Arthur_IdleSword
      objectReference: {fileID: 0}
    m_RemovedComponents: []
  m_SourcePrefab: {fileID: 100100000, guid: 11469311856a29c48aabc08d0790788f, type: 3}
--- !u!1 &5792509698285193660 stripped
GameObject:
  m_CorrespondingSourceObject: {fileID: -927199367670048503, guid: 11469311856a29c48aabc08d0790788f,
    type: 3}
  m_PrefabInstance: {fileID: 2540819600569012405}
  m_PrefabAsset: {fileID: 0}
--- !u!4 &7365770478496889775 stripped
Transform:
  m_CorrespondingSourceObject: {fileID: -4216859302048453862, guid: 11469311856a29c48aabc08d0790788f,
    type: 3}
  m_PrefabInstance: {fileID: 2540819600569012405}
  m_PrefabAsset: {fileID: 0}
--- !u!4 &2991614584177703681 stripped
Transform:
  m_CorrespondingSourceObject: {fileID: -8446900867284718668, guid: 11469311856a29c48aabc08d0790788f,
    type: 3}
  m_PrefabInstance: {fileID: 2540819600569012405}
  m_PrefabAsset: {fileID: 0}
--- !u!1001 &3503101726960591279
PrefabInstance:
  m_ObjectHideFlags: 0
  serializedVersion: 2
  m_Modification:
    m_TransformParent: {fileID: 9182222226613242855}
    m_Modifications:
    - target: {fileID: 4356371463589503656, guid: 937b77ff9ae61774c8cbd279a7941fd2,
        type: 3}
      propertyPath: m_Name
      value: Sword
      objectReference: {fileID: 0}
    - target: {fileID: 4356371463589503660, guid: 937b77ff9ae61774c8cbd279a7941fd2,
        type: 3}
      propertyPath: m_Size.x
      value: 0.5
      objectReference: {fileID: 0}
    - target: {fileID: 4356371463589503660, guid: 937b77ff9ae61774c8cbd279a7941fd2,
        type: 3}
      propertyPath: m_Size.z
      value: 0.1
      objectReference: {fileID: 0}
    - target: {fileID: 4356371463589503662, guid: 937b77ff9ae61774c8cbd279a7941fd2,
        type: 3}
      propertyPath: m_Camera
      value: 
      objectReference: {fileID: 0}
    - target: {fileID: 4356371463589503662, guid: 937b77ff9ae61774c8cbd279a7941fd2,
        type: 3}
      propertyPath: m_PlayerHandPos
      value: 
      objectReference: {fileID: 3503101725511072968}
    - target: {fileID: 4356371463589503662, guid: 937b77ff9ae61774c8cbd279a7941fd2,
        type: 3}
      propertyPath: m_LineRender
      value: 
      objectReference: {fileID: 3503101726981563695}
    - target: {fileID: 4356371463589503662, guid: 937b77ff9ae61774c8cbd279a7941fd2,
        type: 3}
      propertyPath: m_PlayerCharController
      value: 
      objectReference: {fileID: 1652007091083833101}
    - target: {fileID: 4356371463589503662, guid: 937b77ff9ae61774c8cbd279a7941fd2,
        type: 3}
      propertyPath: m_EmbedAngleTolarence
      value: 100
      objectReference: {fileID: 0}
    - target: {fileID: 4356371463589503663, guid: 937b77ff9ae61774c8cbd279a7941fd2,
        type: 3}
      propertyPath: m_LocalPosition.x
      value: -8.51
      objectReference: {fileID: 0}
    - target: {fileID: 4356371463589503663, guid: 937b77ff9ae61774c8cbd279a7941fd2,
        type: 3}
      propertyPath: m_LocalPosition.y
      value: -7.89
      objectReference: {fileID: 0}
    - target: {fileID: 4356371463589503663, guid: 937b77ff9ae61774c8cbd279a7941fd2,
        type: 3}
      propertyPath: m_LocalPosition.z
      value: 2
      objectReference: {fileID: 0}
    - target: {fileID: 4356371463589503663, guid: 937b77ff9ae61774c8cbd279a7941fd2,
        type: 3}
      propertyPath: m_LocalRotation.x
      value: 0.7764037
      objectReference: {fileID: 0}
    - target: {fileID: 4356371463589503663, guid: 937b77ff9ae61774c8cbd279a7941fd2,
        type: 3}
      propertyPath: m_LocalRotation.y
      value: -0.34650043
      objectReference: {fileID: 0}
    - target: {fileID: 4356371463589503663, guid: 937b77ff9ae61774c8cbd279a7941fd2,
        type: 3}
      propertyPath: m_LocalRotation.z
      value: 0.46542335
      objectReference: {fileID: 0}
    - target: {fileID: 4356371463589503663, guid: 937b77ff9ae61774c8cbd279a7941fd2,
        type: 3}
      propertyPath: m_LocalRotation.w
      value: -0.24599974
      objectReference: {fileID: 0}
    - target: {fileID: 4356371463589503663, guid: 937b77ff9ae61774c8cbd279a7941fd2,
        type: 3}
      propertyPath: m_RootOrder
      value: 0
      objectReference: {fileID: 0}
    - target: {fileID: 4356371463589503663, guid: 937b77ff9ae61774c8cbd279a7941fd2,
        type: 3}
      propertyPath: m_LocalEulerAnglesHint.x
      value: 0
      objectReference: {fileID: 0}
    - target: {fileID: 4356371463589503663, guid: 937b77ff9ae61774c8cbd279a7941fd2,
        type: 3}
      propertyPath: m_LocalEulerAnglesHint.y
      value: 0
      objectReference: {fileID: 0}
    - target: {fileID: 4356371463589503663, guid: 937b77ff9ae61774c8cbd279a7941fd2,
        type: 3}
      propertyPath: m_LocalEulerAnglesHint.z
      value: 0
      objectReference: {fileID: 0}
    - target: {fileID: 4356371463589503663, guid: 937b77ff9ae61774c8cbd279a7941fd2,
        type: 3}
      propertyPath: m_LocalScale.x
      value: 1
      objectReference: {fileID: 0}
    - target: {fileID: 4356371463589503663, guid: 937b77ff9ae61774c8cbd279a7941fd2,
        type: 3}
      propertyPath: m_LocalScale.y
      value: 1
      objectReference: {fileID: 0}
    - target: {fileID: 4356371463589503663, guid: 937b77ff9ae61774c8cbd279a7941fd2,
        type: 3}
      propertyPath: m_LocalScale.z
      value: 1
      objectReference: {fileID: 0}
    m_RemovedComponents: []
  m_SourcePrefab: {fileID: 100100000, guid: 937b77ff9ae61774c8cbd279a7941fd2, type: 3}
--- !u!4 &930403123119096576 stripped
Transform:
  m_CorrespondingSourceObject: {fileID: 4356371463589503663, guid: 937b77ff9ae61774c8cbd279a7941fd2,
    type: 3}
  m_PrefabInstance: {fileID: 3503101726960591279}
  m_PrefabAsset: {fileID: 0}
