%YAML 1.1
%TAG !u! tag:unity3d.com,2011:
--- !u!1 &4356371463589503656
GameObject:
  m_ObjectHideFlags: 0
  m_CorrespondingSourceObject: {fileID: 0}
  m_PrefabInstance: {fileID: 0}
  m_PrefabAsset: {fileID: 0}
  serializedVersion: 6
  m_Component:
  - component: {fileID: 4356371463589503663}
  - component: {fileID: 4356371463589503662}
  - component: {fileID: 4356371463589503660}
  - component: {fileID: 4356371463589503661}
  m_Layer: 0
  m_Name: Sword
  m_TagString: Untagged
  m_Icon: {fileID: 0}
  m_NavMeshLayer: 0
  m_StaticEditorFlags: 0
  m_IsActive: 1
--- !u!4 &4356371463589503663
Transform:
  m_ObjectHideFlags: 0
  m_CorrespondingSourceObject: {fileID: 0}
  m_PrefabInstance: {fileID: 0}
  m_PrefabAsset: {fileID: 0}
  m_GameObject: {fileID: 4356371463589503656}
  m_LocalRotation: {x: 0.66446304, y: -0.24184479, z: 0.66446304, w: 0.24184479}
  m_LocalPosition: {x: 0, y: 0, z: 0}
  m_LocalScale: {x: 1, y: 1, z: 1}
  m_Children:
  - {fileID: 7141483530996510210}
  m_Father: {fileID: 0}
  m_RootOrder: 0
  m_LocalEulerAnglesHint: {x: 0, y: 0, z: 0}
--- !u!114 &4356371463589503662
MonoBehaviour:
  m_ObjectHideFlags: 0
  m_CorrespondingSourceObject: {fileID: 0}
  m_PrefabInstance: {fileID: 0}
  m_PrefabAsset: {fileID: 0}
  m_GameObject: {fileID: 4356371463589503656}
  m_Enabled: 1
  m_EditorHideFlags: 0
  m_Script: {fileID: 11500000, guid: 048dec629a5d41d4a914d9637999d7c6, type: 3}
  m_Name: 
  m_EditorClassIdentifier: 
  m_AirMoveSpeed: 2.2
  m_ThrowDistance: 10
  m_LookAheadTime: 0.45
  m_MaxVerticeAmount: 50
  m_DistanceBetweenVertices: 0.1
  m_RecallMoveSpeed: 8
  m_RecallRotationSpeed: 24
  m_RecallGrabDistance: 1
  m_EmbedAngleTolarence: 35
  m_EmbedAlignmentSpeed: 22
  m_EmbedDepth: 0.8
  m_LineRender: {fileID: 0}
  m_PlayerCharController: {fileID: 0}
  m_PlayerHandPos: {fileID: 0}
  m_Camera: {fileID: 0}
  m_CurrentState: 0
--- !u!65 &4356371463589503660
BoxCollider:
  m_ObjectHideFlags: 0
  m_CorrespondingSourceObject: {fileID: 0}
  m_PrefabInstance: {fileID: 0}
  m_PrefabAsset: {fileID: 0}
  m_GameObject: {fileID: 4356371463589503656}
  m_Material: {fileID: 0}
  m_IsTrigger: 0
  m_Enabled: 1
  serializedVersion: 2
  m_Size: {x: 0.1, y: 2.3, z: 0.2}
  m_Center: {x: 0, y: -0.15, z: 0}
--- !u!54 &4356371463589503661
Rigidbody:
  m_ObjectHideFlags: 0
  m_CorrespondingSourceObject: {fileID: 0}
  m_PrefabInstance: {fileID: 0}
  m_PrefabAsset: {fileID: 0}
  m_GameObject: {fileID: 4356371463589503656}
  serializedVersion: 2
  m_Mass: 222
  m_Drag: 0
  m_AngularDrag: 0.05
  m_UseGravity: 1
  m_IsKinematic: 0
  m_Interpolate: 0
  m_Constraints: 40
  m_CollisionDetection: 0
--- !u!1001 &2765511032251139352
PrefabInstance:
  m_ObjectHideFlags: 0
  serializedVersion: 2
  m_Modification:
    m_TransformParent: {fileID: 4356371463589503663}
    m_Modifications:
    - target: {fileID: -4216859302048453862, guid: c6f2cbdf0f6660c489da3b741233689a,
        type: 3}
      propertyPath: m_LocalPosition.x
      value: 0
      objectReference: {fileID: 0}
    - target: {fileID: -4216859302048453862, guid: c6f2cbdf0f6660c489da3b741233689a,
        type: 3}
      propertyPath: m_LocalPosition.y
      value: 0
      objectReference: {fileID: 0}
    - target: {fileID: -4216859302048453862, guid: c6f2cbdf0f6660c489da3b741233689a,
        type: 3}
      propertyPath: m_LocalPosition.z
      value: 0
      objectReference: {fileID: 0}
    - target: {fileID: -4216859302048453862, guid: c6f2cbdf0f6660c489da3b741233689a,
        type: 3}
      propertyPath: m_LocalRotation.x
      value: 0
      objectReference: {fileID: 0}
    - target: {fileID: -4216859302048453862, guid: c6f2cbdf0f6660c489da3b741233689a,
        type: 3}
      propertyPath: m_LocalRotation.y
      value: 0
      objectReference: {fileID: 0}
    - target: {fileID: -4216859302048453862, guid: c6f2cbdf0f6660c489da3b741233689a,
        type: 3}
      propertyPath: m_LocalRotation.z
      value: 0
      objectReference: {fileID: 0}
    - target: {fileID: -4216859302048453862, guid: c6f2cbdf0f6660c489da3b741233689a,
        type: 3}
      propertyPath: m_LocalRotation.w
      value: 1
      objectReference: {fileID: 0}
    - target: {fileID: -4216859302048453862, guid: c6f2cbdf0f6660c489da3b741233689a,
        type: 3}
      propertyPath: m_RootOrder
      value: 0
      objectReference: {fileID: 0}
    - target: {fileID: -4216859302048453862, guid: c6f2cbdf0f6660c489da3b741233689a,
        type: 3}
      propertyPath: m_LocalEulerAnglesHint.x
      value: 0
      objectReference: {fileID: 0}
    - target: {fileID: -4216859302048453862, guid: c6f2cbdf0f6660c489da3b741233689a,
        type: 3}
      propertyPath: m_LocalEulerAnglesHint.y
      value: 0
      objectReference: {fileID: 0}
    - target: {fileID: -4216859302048453862, guid: c6f2cbdf0f6660c489da3b741233689a,
        type: 3}
      propertyPath: m_LocalEulerAnglesHint.z
      value: 0
      objectReference: {fileID: 0}
    - target: {fileID: -927199367670048503, guid: c6f2cbdf0f6660c489da3b741233689a,
        type: 3}
      propertyPath: m_Name
      value: Character_Excalibur_004
      objectReference: {fileID: 0}
    m_RemovedComponents: []
  m_SourcePrefab: {fileID: 100100000, guid: c6f2cbdf0f6660c489da3b741233689a, type: 3}
--- !u!4 &7141483530996510210 stripped
Transform:
  m_CorrespondingSourceObject: {fileID: -4216859302048453862, guid: c6f2cbdf0f6660c489da3b741233689a,
    type: 3}
  m_PrefabInstance: {fileID: 2765511032251139352}
  m_PrefabAsset: {fileID: 0}
