%YAML 1.1
%TAG !u! tag:unity3d.com,2011:
--- !u!1 &2723782996217201636
GameObject:
  m_ObjectHideFlags: 0
  m_CorrespondingSourceObject: {fileID: 0}
  m_PrefabInstance: {fileID: 0}
  m_PrefabAsset: {fileID: 0}
  serializedVersion: 6
  m_Component:
  - component: {fileID: 2723782996217201637}
  m_Layer: 0
  m_Name: Trap_Spike_ClusterLarge_Greybox
  m_TagString: Untagged
  m_Icon: {fileID: 0}
  m_NavMeshLayer: 0
  m_StaticEditorFlags: 0
  m_IsActive: 1
--- !u!4 &2723782996217201637
Transform:
  m_ObjectHideFlags: 0
  m_CorrespondingSourceObject: {fileID: 0}
  m_PrefabInstance: {fileID: 0}
  m_PrefabAsset: {fileID: 0}
  m_GameObject: {fileID: 2723782996217201636}
  m_LocalRotation: {x: 0, y: 0, z: 0, w: 1}
  m_LocalPosition: {x: 74.00174, y: -5.1869373, z: 10.240365}
  m_LocalScale: {x: 1, y: 1, z: 1}
  m_Children:
  - {fileID: 3570785735914744116}
  - {fileID: 3009338135602496791}
  - {fileID: 6279567343561838838}
  - {fileID: 7047247168118645827}
  - {fileID: 5756268587896165856}
  - {fileID: 5399242783910573652}
  - {fileID: 5942046722875351034}
  - {fileID: 3358717763905303697}
  - {fileID: 2578951561105400265}
  - {fileID: 3951102444696921032}
  - {fileID: 3924933227351321044}
  m_Father: {fileID: 0}
  m_RootOrder: 0
  m_LocalEulerAnglesHint: {x: 0, y: 0, z: 0}
--- !u!1001 &1974648740194951645
PrefabInstance:
  m_ObjectHideFlags: 0
  serializedVersion: 2
  m_Modification:
    m_TransformParent: {fileID: 2723782996217201637}
    m_Modifications:
    - target: {fileID: 8839305371331380633, guid: 26ddbe2ab5a76c34f95e55493ec68685,
        type: 3}
      propertyPath: m_Mesh
      value: 
      objectReference: {fileID: 0}
    - target: {fileID: 8839305371331380634, guid: 26ddbe2ab5a76c34f95e55493ec68685,
        type: 3}
      propertyPath: m_Mesh
      value: 
      objectReference: {fileID: 0}
    - target: {fileID: 8839305371331380638, guid: 26ddbe2ab5a76c34f95e55493ec68685,
        type: 3}
      propertyPath: m_LocalPosition.x
      value: 1.0949936
      objectReference: {fileID: 0}
    - target: {fileID: 8839305371331380638, guid: 26ddbe2ab5a76c34f95e55493ec68685,
        type: 3}
      propertyPath: m_LocalPosition.y
      value: -1.8000002
      objectReference: {fileID: 0}
    - target: {fileID: 8839305371331380638, guid: 26ddbe2ab5a76c34f95e55493ec68685,
        type: 3}
      propertyPath: m_LocalPosition.z
      value: 0.9560003
      objectReference: {fileID: 0}
    - target: {fileID: 8839305371331380638, guid: 26ddbe2ab5a76c34f95e55493ec68685,
        type: 3}
      propertyPath: m_LocalRotation.x
      value: -0
      objectReference: {fileID: 0}
    - target: {fileID: 8839305371331380638, guid: 26ddbe2ab5a76c34f95e55493ec68685,
        type: 3}
      propertyPath: m_LocalRotation.y
      value: -0
      objectReference: {fileID: 0}
    - target: {fileID: 8839305371331380638, guid: 26ddbe2ab5a76c34f95e55493ec68685,
        type: 3}
      propertyPath: m_LocalRotation.z
      value: -0
      objectReference: {fileID: 0}
    - target: {fileID: 8839305371331380638, guid: 26ddbe2ab5a76c34f95e55493ec68685,
        type: 3}
      propertyPath: m_LocalRotation.w
      value: 1
      objectReference: {fileID: 0}
    - target: {fileID: 8839305371331380638, guid: 26ddbe2ab5a76c34f95e55493ec68685,
        type: 3}
      propertyPath: m_RootOrder
      value: 3
      objectReference: {fileID: 0}
    - target: {fileID: 8839305371331380638, guid: 26ddbe2ab5a76c34f95e55493ec68685,
        type: 3}
      propertyPath: m_LocalEulerAnglesHint.x
      value: 0
      objectReference: {fileID: 0}
    - target: {fileID: 8839305371331380638, guid: 26ddbe2ab5a76c34f95e55493ec68685,
        type: 3}
      propertyPath: m_LocalEulerAnglesHint.y
      value: 0
      objectReference: {fileID: 0}
    - target: {fileID: 8839305371331380638, guid: 26ddbe2ab5a76c34f95e55493ec68685,
        type: 3}
      propertyPath: m_LocalEulerAnglesHint.z
      value: 0
      objectReference: {fileID: 0}
    - target: {fileID: 8839305371331380639, guid: 26ddbe2ab5a76c34f95e55493ec68685,
        type: 3}
      propertyPath: m_Name
      value: Trap_Spike_Greybox (7)
      objectReference: {fileID: 0}
    m_RemovedComponents: []
  m_SourcePrefab: {fileID: 100100000, guid: 26ddbe2ab5a76c34f95e55493ec68685, type: 3}
--- !u!4 &7047247168118645827 stripped
Transform:
  m_CorrespondingSourceObject: {fileID: 8839305371331380638, guid: 26ddbe2ab5a76c34f95e55493ec68685,
    type: 3}
  m_PrefabInstance: {fileID: 1974648740194951645}
  m_PrefabAsset: {fileID: 0}
--- !u!1001 &2944757551329876580
PrefabInstance:
  m_ObjectHideFlags: 0
  serializedVersion: 2
  m_Modification:
    m_TransformParent: {fileID: 2723782996217201637}
    m_Modifications:
    - target: {fileID: 8839305371331380633, guid: 26ddbe2ab5a76c34f95e55493ec68685,
        type: 3}
      propertyPath: m_Mesh
      value: 
      objectReference: {fileID: 0}
    - target: {fileID: 8839305371331380634, guid: 26ddbe2ab5a76c34f95e55493ec68685,
        type: 3}
      propertyPath: m_Mesh
      value: 
      objectReference: {fileID: 0}
    - target: {fileID: 8839305371331380638, guid: 26ddbe2ab5a76c34f95e55493ec68685,
        type: 3}
      propertyPath: m_LocalPosition.x
      value: -0.06900787
      objectReference: {fileID: 0}
    - target: {fileID: 8839305371331380638, guid: 26ddbe2ab5a76c34f95e55493ec68685,
        type: 3}
      propertyPath: m_LocalPosition.y
      value: -1.8000002
      objectReference: {fileID: 0}
    - target: {fileID: 8839305371331380638, guid: 26ddbe2ab5a76c34f95e55493ec68685,
        type: 3}
      propertyPath: m_LocalPosition.z
      value: 0.9560003
      objectReference: {fileID: 0}
    - target: {fileID: 8839305371331380638, guid: 26ddbe2ab5a76c34f95e55493ec68685,
        type: 3}
      propertyPath: m_LocalRotation.x
      value: -0
      objectReference: {fileID: 0}
    - target: {fileID: 8839305371331380638, guid: 26ddbe2ab5a76c34f95e55493ec68685,
        type: 3}
      propertyPath: m_LocalRotation.y
      value: -0
      objectReference: {fileID: 0}
    - target: {fileID: 8839305371331380638, guid: 26ddbe2ab5a76c34f95e55493ec68685,
        type: 3}
      propertyPath: m_LocalRotation.z
      value: -0
      objectReference: {fileID: 0}
    - target: {fileID: 8839305371331380638, guid: 26ddbe2ab5a76c34f95e55493ec68685,
        type: 3}
      propertyPath: m_LocalRotation.w
      value: 1
      objectReference: {fileID: 0}
    - target: {fileID: 8839305371331380638, guid: 26ddbe2ab5a76c34f95e55493ec68685,
        type: 3}
      propertyPath: m_RootOrder
      value: 6
      objectReference: {fileID: 0}
    - target: {fileID: 8839305371331380638, guid: 26ddbe2ab5a76c34f95e55493ec68685,
        type: 3}
      propertyPath: m_LocalEulerAnglesHint.x
      value: 0
      objectReference: {fileID: 0}
    - target: {fileID: 8839305371331380638, guid: 26ddbe2ab5a76c34f95e55493ec68685,
        type: 3}
      propertyPath: m_LocalEulerAnglesHint.y
      value: 0
      objectReference: {fileID: 0}
    - target: {fileID: 8839305371331380638, guid: 26ddbe2ab5a76c34f95e55493ec68685,
        type: 3}
      propertyPath: m_LocalEulerAnglesHint.z
      value: 0
      objectReference: {fileID: 0}
    - target: {fileID: 8839305371331380639, guid: 26ddbe2ab5a76c34f95e55493ec68685,
        type: 3}
      propertyPath: m_Name
      value: Trap_Spike_Greybox (10)
      objectReference: {fileID: 0}
    m_RemovedComponents: []
  m_SourcePrefab: {fileID: 100100000, guid: 26ddbe2ab5a76c34f95e55493ec68685, type: 3}
--- !u!4 &5942046722875351034 stripped
Transform:
  m_CorrespondingSourceObject: {fileID: 8839305371331380638, guid: 26ddbe2ab5a76c34f95e55493ec68685,
    type: 3}
  m_PrefabInstance: {fileID: 2944757551329876580}
  m_PrefabAsset: {fileID: 0}
--- !u!1001 &3282565977879696744
PrefabInstance:
  m_ObjectHideFlags: 0
  serializedVersion: 2
  m_Modification:
    m_TransformParent: {fileID: 2723782996217201637}
    m_Modifications:
    - target: {fileID: 8839305371331380633, guid: 26ddbe2ab5a76c34f95e55493ec68685,
        type: 3}
      propertyPath: m_Mesh
      value: 
      objectReference: {fileID: 0}
    - target: {fileID: 8839305371331380634, guid: 26ddbe2ab5a76c34f95e55493ec68685,
        type: 3}
      propertyPath: m_Mesh
      value: 
      objectReference: {fileID: 0}
    - target: {fileID: 8839305371331380638, guid: 26ddbe2ab5a76c34f95e55493ec68685,
        type: 3}
      propertyPath: m_LocalPosition.x
      value: 1.0949936
      objectReference: {fileID: 0}
    - target: {fileID: 8839305371331380638, guid: 26ddbe2ab5a76c34f95e55493ec68685,
        type: 3}
      propertyPath: m_LocalPosition.y
      value: -1.8000002
      objectReference: {fileID: 0}
    - target: {fileID: 8839305371331380638, guid: 26ddbe2ab5a76c34f95e55493ec68685,
        type: 3}
      propertyPath: m_LocalPosition.z
      value: -1.4069996
      objectReference: {fileID: 0}
    - target: {fileID: 8839305371331380638, guid: 26ddbe2ab5a76c34f95e55493ec68685,
        type: 3}
      propertyPath: m_LocalRotation.x
      value: -0
      objectReference: {fileID: 0}
    - target: {fileID: 8839305371331380638, guid: 26ddbe2ab5a76c34f95e55493ec68685,
        type: 3}
      propertyPath: m_LocalRotation.y
      value: -0
      objectReference: {fileID: 0}
    - target: {fileID: 8839305371331380638, guid: 26ddbe2ab5a76c34f95e55493ec68685,
        type: 3}
      propertyPath: m_LocalRotation.z
      value: -0
      objectReference: {fileID: 0}
    - target: {fileID: 8839305371331380638, guid: 26ddbe2ab5a76c34f95e55493ec68685,
        type: 3}
      propertyPath: m_LocalRotation.w
      value: 1
      objectReference: {fileID: 0}
    - target: {fileID: 8839305371331380638, guid: 26ddbe2ab5a76c34f95e55493ec68685,
        type: 3}
      propertyPath: m_RootOrder
      value: 2
      objectReference: {fileID: 0}
    - target: {fileID: 8839305371331380638, guid: 26ddbe2ab5a76c34f95e55493ec68685,
        type: 3}
      propertyPath: m_LocalEulerAnglesHint.x
      value: 0
      objectReference: {fileID: 0}
    - target: {fileID: 8839305371331380638, guid: 26ddbe2ab5a76c34f95e55493ec68685,
        type: 3}
      propertyPath: m_LocalEulerAnglesHint.y
      value: 0
      objectReference: {fileID: 0}
    - target: {fileID: 8839305371331380638, guid: 26ddbe2ab5a76c34f95e55493ec68685,
        type: 3}
      propertyPath: m_LocalEulerAnglesHint.z
      value: 0
      objectReference: {fileID: 0}
    - target: {fileID: 8839305371331380639, guid: 26ddbe2ab5a76c34f95e55493ec68685,
        type: 3}
      propertyPath: m_Name
      value: Trap_Spike_Greybox (8)
      objectReference: {fileID: 0}
    m_RemovedComponents: []
  m_SourcePrefab: {fileID: 100100000, guid: 26ddbe2ab5a76c34f95e55493ec68685, type: 3}
--- !u!4 &6279567343561838838 stripped
Transform:
  m_CorrespondingSourceObject: {fileID: 8839305371331380638, guid: 26ddbe2ab5a76c34f95e55493ec68685,
    type: 3}
  m_PrefabInstance: {fileID: 3282565977879696744}
  m_PrefabAsset: {fileID: 0}
--- !u!1001 &3478595114689655754
PrefabInstance:
  m_ObjectHideFlags: 0
  serializedVersion: 2
  m_Modification:
    m_TransformParent: {fileID: 2723782996217201637}
    m_Modifications:
    - target: {fileID: 8839305371331380633, guid: 26ddbe2ab5a76c34f95e55493ec68685,
        type: 3}
      propertyPath: m_Mesh
      value: 
      objectReference: {fileID: 0}
    - target: {fileID: 8839305371331380634, guid: 26ddbe2ab5a76c34f95e55493ec68685,
        type: 3}
      propertyPath: m_Mesh
      value: 
      objectReference: {fileID: 0}
    - target: {fileID: 8839305371331380638, guid: 26ddbe2ab5a76c34f95e55493ec68685,
        type: 3}
      propertyPath: m_LocalPosition.x
      value: -0.06900787
      objectReference: {fileID: 0}
    - target: {fileID: 8839305371331380638, guid: 26ddbe2ab5a76c34f95e55493ec68685,
        type: 3}
      propertyPath: m_LocalPosition.y
      value: -1.8000002
      objectReference: {fileID: 0}
    - target: {fileID: 8839305371331380638, guid: 26ddbe2ab5a76c34f95e55493ec68685,
        type: 3}
      propertyPath: m_LocalPosition.z
      value: -1.4069996
      objectReference: {fileID: 0}
    - target: {fileID: 8839305371331380638, guid: 26ddbe2ab5a76c34f95e55493ec68685,
        type: 3}
      propertyPath: m_LocalRotation.x
      value: -0
      objectReference: {fileID: 0}
    - target: {fileID: 8839305371331380638, guid: 26ddbe2ab5a76c34f95e55493ec68685,
        type: 3}
      propertyPath: m_LocalRotation.y
      value: -0
      objectReference: {fileID: 0}
    - target: {fileID: 8839305371331380638, guid: 26ddbe2ab5a76c34f95e55493ec68685,
        type: 3}
      propertyPath: m_LocalRotation.z
      value: -0
      objectReference: {fileID: 0}
    - target: {fileID: 8839305371331380638, guid: 26ddbe2ab5a76c34f95e55493ec68685,
        type: 3}
      propertyPath: m_LocalRotation.w
      value: 1
      objectReference: {fileID: 0}
    - target: {fileID: 8839305371331380638, guid: 26ddbe2ab5a76c34f95e55493ec68685,
        type: 3}
      propertyPath: m_RootOrder
      value: 5
      objectReference: {fileID: 0}
    - target: {fileID: 8839305371331380638, guid: 26ddbe2ab5a76c34f95e55493ec68685,
        type: 3}
      propertyPath: m_LocalEulerAnglesHint.x
      value: 0
      objectReference: {fileID: 0}
    - target: {fileID: 8839305371331380638, guid: 26ddbe2ab5a76c34f95e55493ec68685,
        type: 3}
      propertyPath: m_LocalEulerAnglesHint.y
      value: 0
      objectReference: {fileID: 0}
    - target: {fileID: 8839305371331380638, guid: 26ddbe2ab5a76c34f95e55493ec68685,
        type: 3}
      propertyPath: m_LocalEulerAnglesHint.z
      value: 0
      objectReference: {fileID: 0}
    - target: {fileID: 8839305371331380639, guid: 26ddbe2ab5a76c34f95e55493ec68685,
        type: 3}
      propertyPath: m_Name
      value: Trap_Spike_Greybox (11)
      objectReference: {fileID: 0}
    m_RemovedComponents: []
  m_SourcePrefab: {fileID: 100100000, guid: 26ddbe2ab5a76c34f95e55493ec68685, type: 3}
--- !u!4 &5399242783910573652 stripped
Transform:
  m_CorrespondingSourceObject: {fileID: 8839305371331380638, guid: 26ddbe2ab5a76c34f95e55493ec68685,
    type: 3}
  m_PrefabInstance: {fileID: 3478595114689655754}
  m_PrefabAsset: {fileID: 0}
--- !u!1001 &3839840603842187390
PrefabInstance:
  m_ObjectHideFlags: 0
  serializedVersion: 2
  m_Modification:
    m_TransformParent: {fileID: 2723782996217201637}
    m_Modifications:
    - target: {fileID: 8839305371331380633, guid: 26ddbe2ab5a76c34f95e55493ec68685,
        type: 3}
      propertyPath: m_Mesh
      value: 
      objectReference: {fileID: 0}
    - target: {fileID: 8839305371331380634, guid: 26ddbe2ab5a76c34f95e55493ec68685,
        type: 3}
      propertyPath: m_Mesh
      value: 
      objectReference: {fileID: 0}
    - target: {fileID: 8839305371331380638, guid: 26ddbe2ab5a76c34f95e55493ec68685,
        type: 3}
      propertyPath: m_LocalPosition.x
      value: 1.0949936
      objectReference: {fileID: 0}
    - target: {fileID: 8839305371331380638, guid: 26ddbe2ab5a76c34f95e55493ec68685,
        type: 3}
      propertyPath: m_LocalPosition.y
      value: -1.8000002
      objectReference: {fileID: 0}
    - target: {fileID: 8839305371331380638, guid: 26ddbe2ab5a76c34f95e55493ec68685,
        type: 3}
      propertyPath: m_LocalPosition.z
      value: -0.22899961
      objectReference: {fileID: 0}
    - target: {fileID: 8839305371331380638, guid: 26ddbe2ab5a76c34f95e55493ec68685,
        type: 3}
      propertyPath: m_LocalRotation.x
      value: -0
      objectReference: {fileID: 0}
    - target: {fileID: 8839305371331380638, guid: 26ddbe2ab5a76c34f95e55493ec68685,
        type: 3}
      propertyPath: m_LocalRotation.y
      value: -0
      objectReference: {fileID: 0}
    - target: {fileID: 8839305371331380638, guid: 26ddbe2ab5a76c34f95e55493ec68685,
        type: 3}
      propertyPath: m_LocalRotation.z
      value: -0
      objectReference: {fileID: 0}
    - target: {fileID: 8839305371331380638, guid: 26ddbe2ab5a76c34f95e55493ec68685,
        type: 3}
      propertyPath: m_LocalRotation.w
      value: 1
      objectReference: {fileID: 0}
    - target: {fileID: 8839305371331380638, guid: 26ddbe2ab5a76c34f95e55493ec68685,
        type: 3}
      propertyPath: m_RootOrder
      value: 4
      objectReference: {fileID: 0}
    - target: {fileID: 8839305371331380638, guid: 26ddbe2ab5a76c34f95e55493ec68685,
        type: 3}
      propertyPath: m_LocalEulerAnglesHint.x
      value: 0
      objectReference: {fileID: 0}
    - target: {fileID: 8839305371331380638, guid: 26ddbe2ab5a76c34f95e55493ec68685,
        type: 3}
      propertyPath: m_LocalEulerAnglesHint.y
      value: 0
      objectReference: {fileID: 0}
    - target: {fileID: 8839305371331380638, guid: 26ddbe2ab5a76c34f95e55493ec68685,
        type: 3}
      propertyPath: m_LocalEulerAnglesHint.z
      value: 0
      objectReference: {fileID: 0}
    - target: {fileID: 8839305371331380639, guid: 26ddbe2ab5a76c34f95e55493ec68685,
        type: 3}
      propertyPath: m_Name
      value: Trap_Spike_Greybox (6)
      objectReference: {fileID: 0}
    m_RemovedComponents: []
  m_SourcePrefab: {fileID: 100100000, guid: 26ddbe2ab5a76c34f95e55493ec68685, type: 3}
--- !u!4 &5756268587896165856 stripped
Transform:
  m_CorrespondingSourceObject: {fileID: 8839305371331380638, guid: 26ddbe2ab5a76c34f95e55493ec68685,
    type: 3}
  m_PrefabInstance: {fileID: 3839840603842187390}
  m_PrefabAsset: {fileID: 0}
--- !u!1001 &5415156142706928810
PrefabInstance:
  m_ObjectHideFlags: 0
  serializedVersion: 2
  m_Modification:
    m_TransformParent: {fileID: 2723782996217201637}
    m_Modifications:
    - target: {fileID: 8839305371331380633, guid: 26ddbe2ab5a76c34f95e55493ec68685,
        type: 3}
      propertyPath: m_Mesh
      value: 
      objectReference: {fileID: 0}
    - target: {fileID: 8839305371331380634, guid: 26ddbe2ab5a76c34f95e55493ec68685,
        type: 3}
      propertyPath: m_Mesh
      value: 
      objectReference: {fileID: 0}
    - target: {fileID: 8839305371331380638, guid: 26ddbe2ab5a76c34f95e55493ec68685,
        type: 3}
      propertyPath: m_LocalPosition.x
      value: -1.0210037
      objectReference: {fileID: 0}
    - target: {fileID: 8839305371331380638, guid: 26ddbe2ab5a76c34f95e55493ec68685,
        type: 3}
      propertyPath: m_LocalPosition.y
      value: -1.8000002
      objectReference: {fileID: 0}
    - target: {fileID: 8839305371331380638, guid: 26ddbe2ab5a76c34f95e55493ec68685,
        type: 3}
      propertyPath: m_LocalPosition.z
      value: -0.22899961
      objectReference: {fileID: 0}
    - target: {fileID: 8839305371331380638, guid: 26ddbe2ab5a76c34f95e55493ec68685,
        type: 3}
      propertyPath: m_LocalRotation.x
      value: -0
      objectReference: {fileID: 0}
    - target: {fileID: 8839305371331380638, guid: 26ddbe2ab5a76c34f95e55493ec68685,
        type: 3}
      propertyPath: m_LocalRotation.y
      value: -0
      objectReference: {fileID: 0}
    - target: {fileID: 8839305371331380638, guid: 26ddbe2ab5a76c34f95e55493ec68685,
        type: 3}
      propertyPath: m_LocalRotation.z
      value: -0
      objectReference: {fileID: 0}
    - target: {fileID: 8839305371331380638, guid: 26ddbe2ab5a76c34f95e55493ec68685,
        type: 3}
      propertyPath: m_LocalRotation.w
      value: 1
      objectReference: {fileID: 0}
    - target: {fileID: 8839305371331380638, guid: 26ddbe2ab5a76c34f95e55493ec68685,
        type: 3}
      propertyPath: m_RootOrder
      value: 0
      objectReference: {fileID: 0}
    - target: {fileID: 8839305371331380638, guid: 26ddbe2ab5a76c34f95e55493ec68685,
        type: 3}
      propertyPath: m_LocalEulerAnglesHint.x
      value: 0
      objectReference: {fileID: 0}
    - target: {fileID: 8839305371331380638, guid: 26ddbe2ab5a76c34f95e55493ec68685,
        type: 3}
      propertyPath: m_LocalEulerAnglesHint.y
      value: 0
      objectReference: {fileID: 0}
    - target: {fileID: 8839305371331380638, guid: 26ddbe2ab5a76c34f95e55493ec68685,
        type: 3}
      propertyPath: m_LocalEulerAnglesHint.z
      value: 0
      objectReference: {fileID: 0}
    - target: {fileID: 8839305371331380639, guid: 26ddbe2ab5a76c34f95e55493ec68685,
        type: 3}
      propertyPath: m_Name
      value: Trap_Spike_Greybox (3)
      objectReference: {fileID: 0}
    m_RemovedComponents: []
  m_SourcePrefab: {fileID: 100100000, guid: 26ddbe2ab5a76c34f95e55493ec68685, type: 3}
--- !u!4 &3570785735914744116 stripped
Transform:
  m_CorrespondingSourceObject: {fileID: 8839305371331380638, guid: 26ddbe2ab5a76c34f95e55493ec68685,
    type: 3}
  m_PrefabInstance: {fileID: 5415156142706928810}
  m_PrefabAsset: {fileID: 0}
--- !u!1001 &5512027550173275734
PrefabInstance:
  m_ObjectHideFlags: 0
  serializedVersion: 2
  m_Modification:
    m_TransformParent: {fileID: 2723782996217201637}
    m_Modifications:
    - target: {fileID: 8839305371331380633, guid: 26ddbe2ab5a76c34f95e55493ec68685,
        type: 3}
      propertyPath: m_Mesh
      value: 
      objectReference: {fileID: 0}
    - target: {fileID: 8839305371331380634, guid: 26ddbe2ab5a76c34f95e55493ec68685,
        type: 3}
      propertyPath: m_Mesh
      value: 
      objectReference: {fileID: 0}
    - target: {fileID: 8839305371331380638, guid: 26ddbe2ab5a76c34f95e55493ec68685,
        type: 3}
      propertyPath: m_LocalPosition.x
      value: -1.0210037
      objectReference: {fileID: 0}
    - target: {fileID: 8839305371331380638, guid: 26ddbe2ab5a76c34f95e55493ec68685,
        type: 3}
      propertyPath: m_LocalPosition.y
      value: -1.8000002
      objectReference: {fileID: 0}
    - target: {fileID: 8839305371331380638, guid: 26ddbe2ab5a76c34f95e55493ec68685,
        type: 3}
      propertyPath: m_LocalPosition.z
      value: 0.9560003
      objectReference: {fileID: 0}
    - target: {fileID: 8839305371331380638, guid: 26ddbe2ab5a76c34f95e55493ec68685,
        type: 3}
      propertyPath: m_LocalRotation.x
      value: -0
      objectReference: {fileID: 0}
    - target: {fileID: 8839305371331380638, guid: 26ddbe2ab5a76c34f95e55493ec68685,
        type: 3}
      propertyPath: m_LocalRotation.y
      value: -0
      objectReference: {fileID: 0}
    - target: {fileID: 8839305371331380638, guid: 26ddbe2ab5a76c34f95e55493ec68685,
        type: 3}
      propertyPath: m_LocalRotation.z
      value: -0
      objectReference: {fileID: 0}
    - target: {fileID: 8839305371331380638, guid: 26ddbe2ab5a76c34f95e55493ec68685,
        type: 3}
      propertyPath: m_LocalRotation.w
      value: 1
      objectReference: {fileID: 0}
    - target: {fileID: 8839305371331380638, guid: 26ddbe2ab5a76c34f95e55493ec68685,
        type: 3}
      propertyPath: m_RootOrder
      value: 9
      objectReference: {fileID: 0}
    - target: {fileID: 8839305371331380638, guid: 26ddbe2ab5a76c34f95e55493ec68685,
        type: 3}
      propertyPath: m_LocalEulerAnglesHint.x
      value: 0
      objectReference: {fileID: 0}
    - target: {fileID: 8839305371331380638, guid: 26ddbe2ab5a76c34f95e55493ec68685,
        type: 3}
      propertyPath: m_LocalEulerAnglesHint.y
      value: 0
      objectReference: {fileID: 0}
    - target: {fileID: 8839305371331380638, guid: 26ddbe2ab5a76c34f95e55493ec68685,
        type: 3}
      propertyPath: m_LocalEulerAnglesHint.z
      value: 0
      objectReference: {fileID: 0}
    - target: {fileID: 8839305371331380639, guid: 26ddbe2ab5a76c34f95e55493ec68685,
        type: 3}
      propertyPath: m_Name
      value: Trap_Spike_Greybox (13)
      objectReference: {fileID: 0}
    m_RemovedComponents: []
  m_SourcePrefab: {fileID: 100100000, guid: 26ddbe2ab5a76c34f95e55493ec68685, type: 3}
--- !u!4 &3951102444696921032 stripped
Transform:
  m_CorrespondingSourceObject: {fileID: 8839305371331380638, guid: 26ddbe2ab5a76c34f95e55493ec68685,
    type: 3}
  m_PrefabInstance: {fileID: 5512027550173275734}
  m_PrefabAsset: {fileID: 0}
--- !u!1001 &5535958163990244426
PrefabInstance:
  m_ObjectHideFlags: 0
  serializedVersion: 2
  m_Modification:
    m_TransformParent: {fileID: 2723782996217201637}
    m_Modifications:
    - target: {fileID: 8839305371331380633, guid: 26ddbe2ab5a76c34f95e55493ec68685,
        type: 3}
      propertyPath: m_Mesh
      value: 
      objectReference: {fileID: 0}
    - target: {fileID: 8839305371331380634, guid: 26ddbe2ab5a76c34f95e55493ec68685,
        type: 3}
      propertyPath: m_Mesh
      value: 
      objectReference: {fileID: 0}
    - target: {fileID: 8839305371331380638, guid: 26ddbe2ab5a76c34f95e55493ec68685,
        type: 3}
      propertyPath: m_LocalPosition.x
      value: -1.0210037
      objectReference: {fileID: 0}
    - target: {fileID: 8839305371331380638, guid: 26ddbe2ab5a76c34f95e55493ec68685,
        type: 3}
      propertyPath: m_LocalPosition.y
      value: -1.8000002
      objectReference: {fileID: 0}
    - target: {fileID: 8839305371331380638, guid: 26ddbe2ab5a76c34f95e55493ec68685,
        type: 3}
      propertyPath: m_LocalPosition.z
      value: -0.22899961
      objectReference: {fileID: 0}
    - target: {fileID: 8839305371331380638, guid: 26ddbe2ab5a76c34f95e55493ec68685,
        type: 3}
      propertyPath: m_LocalRotation.x
      value: -0
      objectReference: {fileID: 0}
    - target: {fileID: 8839305371331380638, guid: 26ddbe2ab5a76c34f95e55493ec68685,
        type: 3}
      propertyPath: m_LocalRotation.y
      value: -0
      objectReference: {fileID: 0}
    - target: {fileID: 8839305371331380638, guid: 26ddbe2ab5a76c34f95e55493ec68685,
        type: 3}
      propertyPath: m_LocalRotation.z
      value: -0
      objectReference: {fileID: 0}
    - target: {fileID: 8839305371331380638, guid: 26ddbe2ab5a76c34f95e55493ec68685,
        type: 3}
      propertyPath: m_LocalRotation.w
      value: 1
      objectReference: {fileID: 0}
    - target: {fileID: 8839305371331380638, guid: 26ddbe2ab5a76c34f95e55493ec68685,
        type: 3}
      propertyPath: m_RootOrder
      value: 10
      objectReference: {fileID: 0}
    - target: {fileID: 8839305371331380638, guid: 26ddbe2ab5a76c34f95e55493ec68685,
        type: 3}
      propertyPath: m_LocalEulerAnglesHint.x
      value: 0
      objectReference: {fileID: 0}
    - target: {fileID: 8839305371331380638, guid: 26ddbe2ab5a76c34f95e55493ec68685,
        type: 3}
      propertyPath: m_LocalEulerAnglesHint.y
      value: 0
      objectReference: {fileID: 0}
    - target: {fileID: 8839305371331380638, guid: 26ddbe2ab5a76c34f95e55493ec68685,
        type: 3}
      propertyPath: m_LocalEulerAnglesHint.z
      value: 0
      objectReference: {fileID: 0}
    - target: {fileID: 8839305371331380639, guid: 26ddbe2ab5a76c34f95e55493ec68685,
        type: 3}
      propertyPath: m_Name
      value: Trap_Spike_Greybox (12)
      objectReference: {fileID: 0}
    m_RemovedComponents: []
  m_SourcePrefab: {fileID: 100100000, guid: 26ddbe2ab5a76c34f95e55493ec68685, type: 3}
--- !u!4 &3924933227351321044 stripped
Transform:
  m_CorrespondingSourceObject: {fileID: 8839305371331380638, guid: 26ddbe2ab5a76c34f95e55493ec68685,
    type: 3}
  m_PrefabInstance: {fileID: 5535958163990244426}
  m_PrefabAsset: {fileID: 0}
--- !u!1001 &6010287280679764105
PrefabInstance:
  m_ObjectHideFlags: 0
  serializedVersion: 2
  m_Modification:
    m_TransformParent: {fileID: 2723782996217201637}
    m_Modifications:
    - target: {fileID: 8839305371331380633, guid: 26ddbe2ab5a76c34f95e55493ec68685,
        type: 3}
      propertyPath: m_Mesh
      value: 
      objectReference: {fileID: 0}
    - target: {fileID: 8839305371331380634, guid: 26ddbe2ab5a76c34f95e55493ec68685,
        type: 3}
      propertyPath: m_Mesh
      value: 
      objectReference: {fileID: 0}
    - target: {fileID: 8839305371331380638, guid: 26ddbe2ab5a76c34f95e55493ec68685,
        type: 3}
      propertyPath: m_LocalPosition.x
      value: -1.0210037
      objectReference: {fileID: 0}
    - target: {fileID: 8839305371331380638, guid: 26ddbe2ab5a76c34f95e55493ec68685,
        type: 3}
      propertyPath: m_LocalPosition.y
      value: -1.8000002
      objectReference: {fileID: 0}
    - target: {fileID: 8839305371331380638, guid: 26ddbe2ab5a76c34f95e55493ec68685,
        type: 3}
      propertyPath: m_LocalPosition.z
      value: 0.9560003
      objectReference: {fileID: 0}
    - target: {fileID: 8839305371331380638, guid: 26ddbe2ab5a76c34f95e55493ec68685,
        type: 3}
      propertyPath: m_LocalRotation.x
      value: -0
      objectReference: {fileID: 0}
    - target: {fileID: 8839305371331380638, guid: 26ddbe2ab5a76c34f95e55493ec68685,
        type: 3}
      propertyPath: m_LocalRotation.y
      value: -0
      objectReference: {fileID: 0}
    - target: {fileID: 8839305371331380638, guid: 26ddbe2ab5a76c34f95e55493ec68685,
        type: 3}
      propertyPath: m_LocalRotation.z
      value: -0
      objectReference: {fileID: 0}
    - target: {fileID: 8839305371331380638, guid: 26ddbe2ab5a76c34f95e55493ec68685,
        type: 3}
      propertyPath: m_LocalRotation.w
      value: 1
      objectReference: {fileID: 0}
    - target: {fileID: 8839305371331380638, guid: 26ddbe2ab5a76c34f95e55493ec68685,
        type: 3}
      propertyPath: m_RootOrder
      value: 1
      objectReference: {fileID: 0}
    - target: {fileID: 8839305371331380638, guid: 26ddbe2ab5a76c34f95e55493ec68685,
        type: 3}
      propertyPath: m_LocalEulerAnglesHint.x
      value: 0
      objectReference: {fileID: 0}
    - target: {fileID: 8839305371331380638, guid: 26ddbe2ab5a76c34f95e55493ec68685,
        type: 3}
      propertyPath: m_LocalEulerAnglesHint.y
      value: 0
      objectReference: {fileID: 0}
    - target: {fileID: 8839305371331380638, guid: 26ddbe2ab5a76c34f95e55493ec68685,
        type: 3}
      propertyPath: m_LocalEulerAnglesHint.z
      value: 0
      objectReference: {fileID: 0}
    - target: {fileID: 8839305371331380639, guid: 26ddbe2ab5a76c34f95e55493ec68685,
        type: 3}
      propertyPath: m_Name
      value: Trap_Spike_Greybox (4)
      objectReference: {fileID: 0}
    m_RemovedComponents: []
  m_SourcePrefab: {fileID: 100100000, guid: 26ddbe2ab5a76c34f95e55493ec68685, type: 3}
--- !u!4 &3009338135602496791 stripped
Transform:
  m_CorrespondingSourceObject: {fileID: 8839305371331380638, guid: 26ddbe2ab5a76c34f95e55493ec68685,
    type: 3}
  m_PrefabInstance: {fileID: 6010287280679764105}
  m_PrefabAsset: {fileID: 0}
--- !u!1001 &6068342550152245519
PrefabInstance:
  m_ObjectHideFlags: 0
  serializedVersion: 2
  m_Modification:
    m_TransformParent: {fileID: 2723782996217201637}
    m_Modifications:
    - target: {fileID: 8839305371331380633, guid: 26ddbe2ab5a76c34f95e55493ec68685,
        type: 3}
      propertyPath: m_Mesh
      value: 
      objectReference: {fileID: 0}
    - target: {fileID: 8839305371331380634, guid: 26ddbe2ab5a76c34f95e55493ec68685,
        type: 3}
      propertyPath: m_Mesh
      value: 
      objectReference: {fileID: 0}
    - target: {fileID: 8839305371331380638, guid: 26ddbe2ab5a76c34f95e55493ec68685,
        type: 3}
      propertyPath: m_LocalPosition.x
      value: -0.06900787
      objectReference: {fileID: 0}
    - target: {fileID: 8839305371331380638, guid: 26ddbe2ab5a76c34f95e55493ec68685,
        type: 3}
      propertyPath: m_LocalPosition.y
      value: -1.8000002
      objectReference: {fileID: 0}
    - target: {fileID: 8839305371331380638, guid: 26ddbe2ab5a76c34f95e55493ec68685,
        type: 3}
      propertyPath: m_LocalPosition.z
      value: -0.22899961
      objectReference: {fileID: 0}
    - target: {fileID: 8839305371331380638, guid: 26ddbe2ab5a76c34f95e55493ec68685,
        type: 3}
      propertyPath: m_LocalRotation.x
      value: -0
      objectReference: {fileID: 0}
    - target: {fileID: 8839305371331380638, guid: 26ddbe2ab5a76c34f95e55493ec68685,
        type: 3}
      propertyPath: m_LocalRotation.y
      value: -0
      objectReference: {fileID: 0}
    - target: {fileID: 8839305371331380638, guid: 26ddbe2ab5a76c34f95e55493ec68685,
        type: 3}
      propertyPath: m_LocalRotation.z
      value: -0
      objectReference: {fileID: 0}
    - target: {fileID: 8839305371331380638, guid: 26ddbe2ab5a76c34f95e55493ec68685,
        type: 3}
      propertyPath: m_LocalRotation.w
      value: 1
      objectReference: {fileID: 0}
    - target: {fileID: 8839305371331380638, guid: 26ddbe2ab5a76c34f95e55493ec68685,
        type: 3}
      propertyPath: m_RootOrder
      value: 7
      objectReference: {fileID: 0}
    - target: {fileID: 8839305371331380638, guid: 26ddbe2ab5a76c34f95e55493ec68685,
        type: 3}
      propertyPath: m_LocalEulerAnglesHint.x
      value: 0
      objectReference: {fileID: 0}
    - target: {fileID: 8839305371331380638, guid: 26ddbe2ab5a76c34f95e55493ec68685,
        type: 3}
      propertyPath: m_LocalEulerAnglesHint.y
      value: 0
      objectReference: {fileID: 0}
    - target: {fileID: 8839305371331380638, guid: 26ddbe2ab5a76c34f95e55493ec68685,
        type: 3}
      propertyPath: m_LocalEulerAnglesHint.z
      value: 0
      objectReference: {fileID: 0}
    - target: {fileID: 8839305371331380639, guid: 26ddbe2ab5a76c34f95e55493ec68685,
        type: 3}
      propertyPath: m_Name
      value: Trap_Spike_Greybox (9)
      objectReference: {fileID: 0}
    m_RemovedComponents: []
  m_SourcePrefab: {fileID: 100100000, guid: 26ddbe2ab5a76c34f95e55493ec68685, type: 3}
--- !u!4 &3358717763905303697 stripped
Transform:
  m_CorrespondingSourceObject: {fileID: 8839305371331380638, guid: 26ddbe2ab5a76c34f95e55493ec68685,
    type: 3}
  m_PrefabInstance: {fileID: 6068342550152245519}
  m_PrefabAsset: {fileID: 0}
--- !u!1001 &6440644037900280919
PrefabInstance:
  m_ObjectHideFlags: 0
  serializedVersion: 2
  m_Modification:
    m_TransformParent: {fileID: 2723782996217201637}
    m_Modifications:
    - target: {fileID: 8839305371331380633, guid: 26ddbe2ab5a76c34f95e55493ec68685,
        type: 3}
      propertyPath: m_Mesh
      value: 
      objectReference: {fileID: 0}
    - target: {fileID: 8839305371331380634, guid: 26ddbe2ab5a76c34f95e55493ec68685,
        type: 3}
      propertyPath: m_Mesh
      value: 
      objectReference: {fileID: 0}
    - target: {fileID: 8839305371331380638, guid: 26ddbe2ab5a76c34f95e55493ec68685,
        type: 3}
      propertyPath: m_LocalPosition.x
      value: -1.021
      objectReference: {fileID: 0}
    - target: {fileID: 8839305371331380638, guid: 26ddbe2ab5a76c34f95e55493ec68685,
        type: 3}
      propertyPath: m_LocalPosition.y
      value: -1.8
      objectReference: {fileID: 0}
    - target: {fileID: 8839305371331380638, guid: 26ddbe2ab5a76c34f95e55493ec68685,
        type: 3}
      propertyPath: m_LocalPosition.z
      value: -1.407
      objectReference: {fileID: 0}
    - target: {fileID: 8839305371331380638, guid: 26ddbe2ab5a76c34f95e55493ec68685,
        type: 3}
      propertyPath: m_LocalRotation.x
      value: -0
      objectReference: {fileID: 0}
    - target: {fileID: 8839305371331380638, guid: 26ddbe2ab5a76c34f95e55493ec68685,
        type: 3}
      propertyPath: m_LocalRotation.y
      value: -0
      objectReference: {fileID: 0}
    - target: {fileID: 8839305371331380638, guid: 26ddbe2ab5a76c34f95e55493ec68685,
        type: 3}
      propertyPath: m_LocalRotation.z
      value: -0
      objectReference: {fileID: 0}
    - target: {fileID: 8839305371331380638, guid: 26ddbe2ab5a76c34f95e55493ec68685,
        type: 3}
      propertyPath: m_LocalRotation.w
      value: 1
      objectReference: {fileID: 0}
    - target: {fileID: 8839305371331380638, guid: 26ddbe2ab5a76c34f95e55493ec68685,
        type: 3}
      propertyPath: m_RootOrder
      value: 8
      objectReference: {fileID: 0}
    - target: {fileID: 8839305371331380638, guid: 26ddbe2ab5a76c34f95e55493ec68685,
        type: 3}
      propertyPath: m_LocalEulerAnglesHint.x
      value: 0
      objectReference: {fileID: 0}
    - target: {fileID: 8839305371331380638, guid: 26ddbe2ab5a76c34f95e55493ec68685,
        type: 3}
      propertyPath: m_LocalEulerAnglesHint.y
      value: 0
      objectReference: {fileID: 0}
    - target: {fileID: 8839305371331380638, guid: 26ddbe2ab5a76c34f95e55493ec68685,
        type: 3}
      propertyPath: m_LocalEulerAnglesHint.z
      value: 0
      objectReference: {fileID: 0}
    - target: {fileID: 8839305371331380639, guid: 26ddbe2ab5a76c34f95e55493ec68685,
        type: 3}
      propertyPath: m_Name
      value: Trap_Spike_Greybox (14)
      objectReference: {fileID: 0}
    m_RemovedComponents: []
  m_SourcePrefab: {fileID: 100100000, guid: 26ddbe2ab5a76c34f95e55493ec68685, type: 3}
--- !u!4 &2578951561105400265 stripped
Transform:
  m_CorrespondingSourceObject: {fileID: 8839305371331380638, guid: 26ddbe2ab5a76c34f95e55493ec68685,
    type: 3}
  m_PrefabInstance: {fileID: 6440644037900280919}
  m_PrefabAsset: {fileID: 0}
